@article{ref1,
  title={Hydrodynamic and heat transfer study of dispersed fluids with submicron metallic oxide particle},
  author={Pak, B.C. and Cho, Y.I.},
  journal={Exp. Heat Transfer},
  year={1998},
  volume={11},
  pages={151–170}
}

@article{ref2,
  title={Numerical investigation into the convective heat transfer of TiO2 nanofluids flowing through a straight tube under the laminar flow conditions},
  author={He, Y. and Men, Y. and Zhao, Y. and Lu, H. and Ding, Y.},
  journal={Appl. Therm. Eng.},
  year={2009},
  volume={29},
  pages={1965-1972}
}

@article{ref3,
  title={Prediction of heat transfer due to presence of copper–water nanofluid using resilient-propagation neural network},
  author={Santra, A. K. and Chakraborty, N. and Sen, S.},
  journal={International Journal of Thermal Sciences},
  year={2009},
  volume={48},
  pages={1311–1318}
}

@article{ref4,
  title={Experimental and numerical investigation of heat transfer in a miniature heat sink utilizing silica nanofluid},
  author={Fazeli, S. A. and Hosseini Hashemi, S. M. and Zirakzadeh, H. and Mehdi Ashjaee},
  journal={Superlattices and Microstructures},
  year={2012},
  volume={51},
  pages={247–264}
}

@article{ref5,
  title={Investigation of pool boiling of nanofluids using artificial neural networks and correlation development techniques},
  author={Balcilar, M. and Dalkilic, A.S. and Suriyawong, A. and Yiamsawas, T. and Wongwises, S.},
  journal={International Communications in Heat and Mass Transfer},
  year={2012},
  volume={39},
  pages={424–431}
}

@article{ref6,
  title={Modeling thermal conductivity augmentation of nanofluids using diffusion neural networks},
  author={Papari, M. M. and Yousefi, F. and Moghadasi, J. and Karimi, H. and Campo, A.},
  journal={International Journal of Thermal Sciences},
  year={2011},
  volume={50},
  pages={44–52}
}

@article{ref7,
  title={Thermal conductivity of non-Newtonian nanofluids: Experimental data and modeling using neural network},
  author={Hojjat, M. and Etemad, S.Gh. and Bagheri, R. and Thibault, J.},
  journal={International Journal of Heat and Mass Transfer},
  year={2011},
  volume={54},
  pages={1017–1023}
}

@article{ref8,
  title={Thermal conductivity of heterogeneous two-component systems},
  author={Hamilton, R.L. and Crosser, O.K.},
  journal={I \& EC Fundam.},
  year={1962},
  volume={125 (3)},
  pages={187–191}
}

@article{ref9,
  title={New equations for heat and mass transfer in turbulent pipe and channel flow},
  author={Gnielinski, V.},
  journal={Int. Chem. Eng.},
  year={1976},
  volume={16},
  pages={359-368}
}

@article{ref10,
  title={Thermal entry length solutions for the circular tube and parallel plates},
  author={Shah, R. K},
  booktitle={Proc. 3th Intl. Heat Mass Trans. Conf.},
  year={1975},
  pages={11-75}
}

@book{ref11,
  title={Neural networks for chemical engineers},
  author={Bulsari, A.B.},
  year={1995},
  publisher={Elsevier Science Inc., New York}
}
